
@article{fast-online-changepoint-detection-via-functional-pruning-cusum-statistics,
  author  = {Gaetano Romano and Idris A. Eckley and Paul Fearnhead and Guillem Rigaill},
  title   = {Fast Online Changepoint Detection via Functional Pruning CUSUM Statistics},
  journal = {Journal of Machine Learning Research},
  year    = {2023},
  volume  = {24},
  number  = {81},
  pages   = {1-36}
}


@article{a-constant-per-iteration-likelihood-ratio-test-for-online-changepoint-detection-for-exponential-family-models,
      title={A Constant-per-Iteration Likelihood Ratio Test for Online Changepoint Detection for Exponential Family Models}, 
      author={Kes Ward and Gaetano Romano and Idris Eckley and Paul Fearnhead},
      year={2023},
      journal={arXiv},
      eprint={2302.04743},
      archivePrefix={arXiv}
}

@article{a-log-linear-nonparametric-online-changepoint-detection-algorithm-based-on-functional-pruning,
   title={A Log-Linear Nonparametric Online Changepoint Detection Algorithm Based on Functional Pruning},
   volume={72},
   ISSN={1941-0476},
   journal={IEEE Transactions on Signal Processing},
   publisher={Institute of Electrical and Electronics Engineers (IEEE)},
   author={Romano, Gaetano and Eckley, Idris A. and Fearnhead, Paul},
   year={2024},
   pages={594â€“606}
}




